<?xml version="1.0"?>
<marc:collection xmlns:marc="http://www.loc.gov/MARC21/slim" xmlns:xsi="http://www.w3.org/2001/XMLSchema-instance" xsi:schemaLocation="http://www.loc.gov/MARC21/slim http://www.loc.gov/standards/marcxml/schema/MARC21slim.xsd">
   <marc:record type="Bibliographic">
      <marc:leader>02012cam a2200409La 4500</marc:leader>
      <marc:controlfield tag="001">2758645</marc:controlfield>
      <marc:controlfield tag="003">NjP</marc:controlfield>
      <marc:controlfield tag="005">20140528133040.0</marc:controlfield>
      <marc:controlfield tag="008">900702s1970    iq            000 0 ara d</marc:controlfield>
      <marc:datafield tag="024" ind1="7" ind2=" ">
         <marc:subfield code="a">princeton_aco000068</marc:subfield>
         <marc:subfield code="2">local</marc:subfield>
      </marc:datafield>
      <marc:datafield tag="035" ind1=" " ind2=" ">
         <marc:subfield code="a">(OCoLC)ocn880636008</marc:subfield>
      </marc:datafield>
      <marc:datafield tag="035" ind1=" " ind2=" ">
         <marc:subfield code="a">(OCoLC)ocm21954230</marc:subfield>
      </marc:datafield>
      <marc:datafield tag="035" ind1=" " ind2=" ">
         <marc:subfield code="9">CNF2734TS</marc:subfield>
      </marc:datafield>
      <marc:datafield tag="040" ind1=" " ind2=" ">
         <marc:subfield code="a">UkDhU</marc:subfield>
         <marc:subfield code="c">PUL</marc:subfield>
         <marc:subfield code="d">OCLCG</marc:subfield>
         <marc:subfield code="d">VA@</marc:subfield>
         <marc:subfield code="d">OCLCF</marc:subfield>
         <marc:subfield code="d">PUL</marc:subfield>
      </marc:datafield>
      <marc:datafield tag="066" ind1=" " ind2=" ">
         <marc:subfield code="c">(3</marc:subfield>
      </marc:datafield>
      <marc:datafield tag="035" ind1=" " ind2=" ">
         <marc:subfield code="a">(OCoLC)880636008</marc:subfield>
      </marc:datafield>
      <marc:datafield tag="050" ind1="0" ind2=" ">
         <marc:subfield code="a">PJ6171</marc:subfield>
         <marc:subfield code="b">.Z3 1970 (Orien Arab)</marc:subfield>
      </marc:datafield>
      <marc:datafield tag="079" ind1=" " ind2=" ">
         <marc:subfield code="a">ocn122996757</marc:subfield>
      </marc:datafield>
      <marc:datafield tag="049" ind1=" " ind2=" ">
         <marc:subfield code="a">PULL</marc:subfield>
      </marc:datafield>
      <marc:datafield tag="100" ind1="1" ind2=" ">
         <marc:subfield code="6">880-01</marc:subfield>
         <marc:subfield code="a">Zamakhshari&#x304;, Mah&#x323;mu&#x304;d ibn &#x2BB;Umar,</marc:subfield>
         <marc:subfield code="d">1075-1144.</marc:subfield>
      </marc:datafield>
      <marc:datafield tag="245" ind1="1" ind2="3">
         <marc:subfield code="6">880-02</marc:subfield>
         <marc:subfield code="a">al-Qist&#x323;a&#x304;s al-mustaqi&#x304;m /</marc:subfield>
         <marc:subfield code="c">ta&#x2BC;li&#x304;f Ja&#x304;r Alla&#x304;h Abi&#x304; al-Qa&#x304;sim Mah&#x323;mu&#x304;d ibn &#x2BB;Umar ibn Muh&#x323;ammad ibn &#x2BB;Umar al-Khwarazmi&#x304; al-Zamakhshari&#x304; ; h&#x323;aqqaqat&#x2B9;hu wa-&#x2BB;allaqat h&#x323;awa&#x304;shiyahu Bahi&#x304;jah Ba&#x304;qir al-H&#x323;asani&#x304; ; qaddama la-hu Kama&#x304;l Ibra&#x304;hi&#x304;m wa-S&#x323;afa&#x304;&#x2BC; Khalu&#x304;s&#x323;i&#x304;.</marc:subfield>
      </marc:datafield>
      <marc:datafield tag="246" ind1="3" ind2="1">
         <marc:subfield code="a">Qust&#x323;a&#x304;s al-mustaqi&#x304;m</marc:subfield>
      </marc:datafield>
      <marc:datafield tag="260" ind1=" " ind2=" ">
         <marc:subfield code="6">880-03</marc:subfield>
         <marc:subfield code="a">Baghda&#x304;d:</marc:subfield>
         <marc:subfield code="b">Maktabat Al-Andalus,</marc:subfield>
         <marc:subfield code="c">1969 [i.e. 1970]</marc:subfield>
      </marc:datafield>
      <marc:datafield tag="300" ind1=" " ind2=" ">
         <marc:subfield code="a">318 p. :</marc:subfield>
         <marc:subfield code="b">facsims. ;</marc:subfield>
         <marc:subfield code="c">25 cm.</marc:subfield>
      </marc:datafield>
      <marc:datafield tag="500" ind1=" " ind2=" ">
         <marc:subfield code="a">Cover title: al-Kistas al-mustakim fi &#x2BC;ilm al-&#x2BC;arud, by Djar Allah al-Zamakhshari.</marc:subfield>
      </marc:datafield>
      <marc:datafield tag="500" ind1=" " ind2=" ">
         <marc:subfield code="a">In Arabic.</marc:subfield>
      </marc:datafield>
      <marc:datafield tag="504" ind1=" " ind2=" ">
         <marc:subfield code="a">Bibliography: p. 273-279.</marc:subfield>
      </marc:datafield>
      <marc:datafield tag="650" ind1=" " ind2="0">
         <marc:subfield code="a">Arabic language</marc:subfield>
         <marc:subfield code="x">Versification.</marc:subfield>
      </marc:datafield>
      <marc:datafield tag="700" ind1="1" ind2=" ">
         <marc:subfield code="6">880-04</marc:subfield>
         <marc:subfield code="a">H&#x323;asani&#x304;, Bahi&#x304;jah.</marc:subfield>
      </marc:datafield>
      <marc:datafield tag="700" ind1="1" ind2=" ">
         <marc:subfield code="6">880-05</marc:subfield>
         <marc:subfield code="a">Kamal, Ibrahim.</marc:subfield>
      </marc:datafield>
      <marc:datafield tag="700" ind1="1" ind2=" ">
         <marc:subfield code="6">880-06</marc:subfield>
         <marc:subfield code="a">Khulusi, Safa.</marc:subfield>
      </marc:datafield>
      <marc:datafield tag="880" ind1="1" ind2=" ">
         <marc:subfield code="6">100-01/(3/r</marc:subfield>
         <marc:subfield code="a">&#x632;&#x645;&#x62E;&#x634;&#x631;&#x64A;&#x60C; &#x645;&#x62D;&#x645;&#x648;&#x62F; &#x628;&#x646; &#x639;&#x645;&#x631;.</marc:subfield>
      </marc:datafield>
      <marc:datafield tag="880" ind1="1" ind2="2">
         <marc:subfield code="6">245-02/(3/r</marc:subfield>
         <marc:subfield code="a">&#x627;&#x644;&#x642;&#x633;&#x637;&#x627;&#x633; &#x627;&#x644;&#x645;&#x633;&#x62A;&#x642;&#x64A;&#x645; /</marc:subfield>
         <marc:subfield code="c">&#x62A;&#x623;&#x644;&#x64A;&#x641; &#x62C;&#x627;&#x631; &#x627;&#x644;&#x644;&#x647; &#x627;&#x628;&#x64A; &#x627;&#x644;&#x642;&#x627;&#x633;&#x645; &#x645;&#x62D;&#x645;&#x648;&#x62F; &#x628;&#x646; &#x639;&#x645;&#x631; &#x628;&#x646; &#x645;&#x62D;&#x645;&#x62F; &#x628;&#x646; &#x639;&#x645;&#x631; &#x627;&#x644;&#x62E;&#x648;&#x627;&#x631;&#x632;&#x645;&#x64A; &#x627;&#x644;&#x632;&#x645;&#x62E;&#x634;&#x631;&#x64A; &#x61B;&#x62D;&#x642;&#x642;&#x62A;&#x647; &#x648;&#x639;&#x644;&#x642; &#x62D;&#x648;&#x627;&#x634;&#x64A;&#x647; &#x628;&#x647;&#x64A;&#x62C;&#x629; &#x628;&#x627;&#x642;&#x631; &#x627;&#x644;&#x62D;&#x633;&#x646;&#x64A; &#x61B; &#x642;&#x62F;&#x645; &#x644;&#x647; &#x643;&#x645;&#x627;&#x644; &#x627;&#x628;&#x631;&#x627;&#x647;&#x64A;&#x645; &#x648;&#x635;&#x641;&#x627;&#x621; &#x62E;&#x644;&#x648;&#x635;&#x64A;.</marc:subfield>
      </marc:datafield>
      <marc:datafield tag="880" ind1=" " ind2=" ">
         <marc:subfield code="6">260-03/(3/r</marc:subfield>
         <marc:subfield code="a">&#x628;&#x63A;&#x62F;&#x627;&#x62F;:</marc:subfield>
         <marc:subfield code="b">&#x645;&#x643;&#x62A;&#x628;&#x629; &#x627;&#x644;&#x627;&#x646;&#x62F;&#x644;&#x633;&#x60C;</marc:subfield>
         <marc:subfield code="c">1969 [i.e. 1970]</marc:subfield>
      </marc:datafield>
      <marc:datafield tag="880" ind1="1" ind2=" ">
         <marc:subfield code="6">700-04/(3/r</marc:subfield>
         <marc:subfield code="a">&#x62D;&#x633;&#x646;&#x64A;&#x60C; &#x628;&#x647;&#x64A;&#x62C;&#x629;.</marc:subfield>
      </marc:datafield>
      <marc:datafield tag="880" ind1="1" ind2=" ">
         <marc:subfield code="6">700-05/(3/r</marc:subfield>
         <marc:subfield code="a">&#x627;&#x628;&#x631;&#x627;&#x647;&#x64A;&#x645;&#x60C; &#x643;&#x645;&#x627;&#x644;.</marc:subfield>
      </marc:datafield>
      <marc:datafield tag="880" ind1="1" ind2=" ">
         <marc:subfield code="6">700-06/(3/r</marc:subfield>
         <marc:subfield code="a">&#x62E;&#x644;&#x648;&#x635;&#x64A;&#x60C; &#x635;&#x641;&#x627;&#x621;.</marc:subfield>
      </marc:datafield>
      <marc:datafield tag="994" ind1=" " ind2=" ">
         <marc:subfield code="a">C0</marc:subfield>
         <marc:subfield code="b">PUL</marc:subfield>
      </marc:datafield>
      <marc:datafield tag="999" ind1=" " ind2=" ">
         <marc:subfield code="a">2758645</marc:subfield>
      </marc:datafield>
   </marc:record>
</marc:collection>
